<?xml version="1.0" encoding="UTF-8"?><collection xmlns="http://www.loc.gov/MARC21/slim"><record><leader>00482nam--2200157-i-4500</leader><controlfield tag="001">000015412</controlfield><controlfield tag="002">20161230</controlfield><controlfield tag="005">20170225192855</controlfield><controlfield tag="008">060222s1000------------r-----000-0-eng-d</controlfield><datafield ind1=" " ind2=" " tag="100"><subfield code="a">Dieudonne, Jean</subfield></datafield><datafield ind1=" " ind2=" " tag="245"><subfield code="a">Cours de geometrie algebrique: 1: Apercu historique sur le developpement de la geometrie algebrique</subfield></datafield><datafield ind1=" " ind2=" " tag="260"><subfield code="a">Vendome</subfield><subfield code="b">Presses Universitaires</subfield><subfield code="c">1974</subfield></datafield><datafield ind1=" " ind2=" " tag="300"><subfield code="a">222 p</subfield></datafield><datafield ind1=" " ind2=" " tag="490"><subfield code="a">Collection Sup, Nr.10, 11</subfield></datafield><datafield ind1=" " ind2=" " tag="852"><subfield code="a">512.7(075.8)</subfield></datafield><datafield ind1=" " ind2=" " tag="CAT"><subfield code="a">SYS</subfield><subfield code="c">20170225</subfield><subfield code="h">192855</subfield></datafield></record></collection>